@techreport{caltech256,
    title={Caltech-256 object category dataset},
    author={Griffin, Gregory and Holub, Alex and Perona, Pietro},
    year={2007},
    institution={California Institute of Technology}
}

@inproceedings{imagenet,
    AUTHOR = {Deng, J. and Dong, W. and Socher, R. and Li, L.-J. and Li, K. and Fei-Fei, L.},
    TITLE = {{ImageNet: A Large-Scale Hierarchical Image Database}},
    BOOKTITLE = {CVPR},
    YEAR = {2009},
    BIBSOURCE = "http://www.image-net.org/papers/imagenet_cvpr09.bib"
}

@techreport{cub2002011,
    Title = {{The Caltech-UCSD Birds-200-2011 Dataset}},
    Author = {Wah, C. and Branson, S. and Welinder, P. and Perona, P. and Belongie, S.},
    Year = {2011},
    Institution = {California Institute of Technology},
    Number = {CNS-TR-2011-001}
}

@inproceedings{caltech101,
    title={Learning Generative Visual Models from Few Training Examples: An Incremental Bayesian Approach Tested on 101 Object Categories},
    author={Fei-Fei, Li and Fergus, Rob and Perona, Pietro},
    booktitle={2012 IEEE Computer Society Conference on Computer Vision and Pattern Recognition Workshops},
    year={2004},
}

@article{pascalvoc,
    year={2014},
    issn={0920-5691},
    journal={International Journal of Computer Vision},
    doi={10.1007/s11263-014-0733-5},
    title={The Pascal Visual Object Classes Challenge: A Retrospective},
    publisher={Springer US},
    keywords={Database; Benchmark; Object recognition; Object detection; Segmentation},
    author={Everingham, Mark and Eslami, S.M.Ali and Van Gool, Luc and Williams, ChristopherK.I. and Winn, John and Zisserman, Andrew},
    pages={1-39},
    language={English}
}

@inproceedings{mit67scene,
    title={Recognizing indoor scenes},
    author={Quattoni, Ariadna and Torralba, Antonio},
    booktitle={CVPR},
    year={2009}
}

@INPROCEEDINGS{farhadi2009, 
    author={Farhadi, A and Endres, I and Hoiem, D. and Forsyth, D.}, 
    booktitle={CVPR}, 
    title={Describing objects by their attributes}, 
    year={2009},
}

@INPROCEEDINGS{bangpeng2011, 
    author={Bangpeng Yao and Xiaoye Jiang and Khosla, A and Lin, AL. and Guibas, L. and Li Fei-Fei}, 
    booktitle={ICCV}, 
    title={Human action recognition by learning bases of action attributes and parts}, 
    year={2011},
}

@article{svm,
  title={Support-vector networks},
  author={Cortes, Corinna and Vapnik, Vladimir},
  journal={Machine learning},
  volume={20},
  number={3},
  pages={273--297},
  year={1995},
  publisher={Springer}
}

@inproceedings{csurka2004,
  title={Visual categorization with bags of keypoints},
  author={Csurka, Gabriella and Dance, Christopher and Fan, Lixin and Willamowski, Jutta and Bray, C{\'e}dric},
  booktitle={Workshop on statistical learning in computer vision, ECCV},
  year={2004}
}

@inproceedings{harris_affine,
  title={An affine invariant interest point detector},
  author={Mikolajczyk, Krystian and Schmid, Cordelia},
  booktitle={ECCV},
  year={2002},
}

@article{sift,
  title={Distinctive image features from scale-invariant keypoints},
  author={Lowe, David G},
  journal={International journal of computer vision},
  volume={60},
  number={2},
  pages={91--110},
  year={2004},
  publisher={Springer}
}

@incollection{adapted_vocab,
  title={Adapted vocabularies for generic visual categorization},
  author={Perronnin, Florent and Dance, Christopher and Csurka, Gabriela and Bressan, Marco},
  booktitle={ECCV},
  year={2006}
}

@inproceedings{jurie2005,
  title={Creating efficient codebooks for visual recognition},
  author={Jurie, Frederic and Triggs, Bill},
  booktitle={ICCV},
  year={2005}
}

@inproceedings{spm,
  title={Beyond bags of features: Spatial pyramid matching for recognizing natural scene categories},
  author={Lazebnik, Svetlana and Schmid, Cordelia and Ponce, Jean},
  booktitle={CVPR},
  year={2006}
}

@inproceedings{berg2005,
  title={Shape matching and object recognition using low distortion correspondences},
  author={Berg, Alexander C and Berg, Tamara L and Malik, Jitendra},
  booktitle={CVPR},
  year={2005}
}

@inproceedings{nn_img_class,
  title={In defense of nearest-neighbor based image classification},
  author={Boiman, Oren and Shechtman, Eli and Irani, Michal},
  booktitle={CVPR},
  year={2008},
}

@inproceedings{scspm,
  title={Linear spatial pyramid matching using sparse coding for image classification},
  author={Yang, Jianchao and Yu, Kai and Gong, Yihong and Huang, Thomas},
  booktitle={CVPR},
  year={2009},
}

@inproceedings{sc,
  title={Efficient sparse coding algorithms},
  author={Lee, Honglak and Battle, Alexis and Raina, Rajat and Ng, Andrew Y},
  booktitle={Advances in neural information processing systems},
  year={2006}
}

@inproceedings{llc,
  title={Locality-constrained linear coding for image classification},
  author={Wang, Jinjun and Yang, Jianchao and Yu, Kai and Lv, Fengjun and Huang, Thomas and Gong, Yihong},
  booktitle={CVPR},
  year={2010},
}

@inproceedings{fisher_kernel,
  title={Fisher kernels on visual vocabularies for image categorization},
  author={Perronnin, Florent and Dance, Christopher},
  booktitle={CVPR},
  year={2007},
}

@inproceedings{fisher_kernel_im,
  title={Improving the fisher kernel for large-scale image classification},
  author={Perronnin, Florent and S{\'a}nchez, Jorge and Mensink, Thomas},
  booktitle={ECCV},
  year={2010},
}

@inproceedings{devil_coding,
  title={The devil is in the details: an evaluation of recent feature encoding methods},
  author={Chatfield, Ken and Lempitsky, Victor and Vedaldi, Andrea and Zisserman, Andrew},
  booktitle={BMVC},
  year={2011},
}

@misc{ilsvrc,
Author = {Olga Russakovsky and Jia Deng and Hao Su and Jonathan Krause and Sanjeev Satheesh and Sean Ma and Zhiheng Huang and Andrej Karpathy and Aditya Khosla and Michael Bernstein and Alexander C. Berg and Li Fei-Fei},
Title = {ImageNet Large Scale Visual Recognition Challenge},
Year = {2014},
Eprint = {arXiv:1409.0575},
}

@article{lenet,
  title={Gradient-based learning applied to document recognition},
  author={LeCun, Yann and Bottou, L{\'e}on and Bengio, Yoshua and Haffner, Patrick},
  journal={Proceedings of the IEEE},
  volume={86},
  year={1998}
}

@inproceedings{alexnet,
  title={Imagenet classification with deep convolutional neural networks},
  author={Krizhevsky, Alex and Sutskever, Ilya and Hinton, Geoffrey E},
  booktitle={Advances in neural information processing systems},
  year={2012}
}

@inproceedings{parikh2010,
  title={The role of features, algorithms and data in visual recognition},
  author={Parikh, Devi and Zitnick, C Lawrence},
  booktitle={CVPR},
  year={2010},
}

@inproceedings{hog,
  title={Histograms of oriented gradients for human detection},
  author={Dalal, Navneet and Triggs, Bill},
  booktitle={CVPR},
  year={2005},
}

@inproceedings{overfeat,
 title = "OverFeat: Integrated Recognition, Localization and Detection using Convolutional Networks",
 author = "Sermanet, Pierre and Eigen, David and Zhang, Xiang and Mathieu, Michael and Fergus, Rob and LeCun, Yann",
 booktitle = "International Conference on Learning Representations (ICLR)",
 year = "2014",
}

@inproceedings{deconv,
  title={Visualizing and Understanding Convolutional Neural Networks},
  author={Zeiler, Matthew D and Fergus, Rob},
  booktitle={ECCV},
  year={2014},
}

@incollection{deng2010,
  title={What does classifying more than 10,000 image categories tell us?},
  author={Deng, Jia and Berg, Alexander C and Li, Kai and Fei-Fei, Li},
  booktitle={ECCV},
  year={2010}
}

@article{johnson1998,
  title={Effects of knowledge and development on subordinate level categorization},
  author={Johnson, Kathy E and Eilers, Amy T},
  journal={Cognitive Development},
  volume={13},
  number={4},
  pages={515--545},
  year={1998},
  publisher={Elsevier}
}

@inproceedings{stanford_cars,
  title = {3D Object Representations for Fine-Grained Categorization},
  booktitle = {4th International IEEE Workshop on  3D Representation and Recognition (3dRR-13)},
  year = {2013},
  address = {Sydney, Australia},
  author = {Jonathan Krause and Michael Stark and Jia Deng and Li Fei-Fei}
}

@inproceedings{krause2014,
 author = "Jonathan Krause and Timnit Gebru and Jia Deng and Li-Jia Li and Li Fei-Fei",
 title = "Learning Features and Parts for Fine-Grained Recognition",
 booktitle = "International Conference on Pattern Recognition",
 year = "2014",
 month = "August",
 address = "Stockholm, Sweden"
}

@inproceedings{ramnath2014,
  title={Car make and model recognition using 3D curve alignment},
  author={Ramnath, K. and Sinha, S. N. and Szeliski, R. and Hsiao, E.},
  booktitle={Proceedings of IEEE Winter Conference on Applications of Computer Vision (WACV)},
  year={2014},
}

@inproceedings{oxford_aircraft,
  title={Understanding Objects in Detail with Fine-grained Attributes},
  author={Vedaldi, Andrea and Mahendran, Siddarth and Tsogkas, Stavros and Maji, Subhransu and Girshick, Ross B and Kannala, Juho and Rahtu, Esa and Kokkinos, Iasonas and Blaschko, Matthew B and Weiss, David and others},
  booktitle={CVPR},
  year={2014}
}

@techreport {cub2002010,
    title = {Caltech-UCSD Birds 200},
    number = {CNS-TR-201},
    year = {2010},
    institution = {Caltech},
    author = {Peter Welinder and Steve Branson and Takeshi Mita and Catherine Wah and Florian Schroff and Serge Belongie and Pietro Perona}
}

@inproceedings { branson2010,
    title = {Visual Recognition with Humans in the Loop},
    booktitle = {ECCV},
    year = {2010},
    author = {Steve Branson and Catherine Wah and Boris Babenko and Florian Schroff and Peter Welinder and Pietro Perona and Serge Belongie}
}

@inproceedings{poof,
  title={POOF: Part-based one-vs.-one features for fine-grained categorization, face verification, and attribute estimation},
  author={Berg, Thomas and Belhumeur, Peter N},
  booktitle={CVPR},
  year={2013},
}

@inproceedings{style_aware,
  title={Style-aware mid-level representation for discovering visual connections in space and time},
  author={Lee, Yong Jae and Efros, Alexei A and Hebert, Martial},
  booktitle={ICCV},
  year={2013},
}

@inproceedings{yao2011,
 author = "Bangpeng Yao and Aditya Khosla and Li Fei-Fei",
 title = "Combining Randomization and Discrimination for Fine-Grained Image Categorization",
 booktitle = "CVPR",
 year = "2011",
}

@inproceedings{yao2012,
 author = "Bangpeng Yao and Gray Bradski and Li Fei-Fei",
 title = "A Codebook-Free and Annotation-Free Approach for Fine-Grained Image Categorization",
 booktitle = "CVPR",
 year = "2012",
}

@inproceedings{deng2013,
 author = "Jia Deng and Jonathan Krause and Li Fei-Fei",
 title = "Fine-Grained Crowdsourcing for Fine-Grained Recognition",
 booktitle = "CVPR",
 year = "2013",
}

@inproceedings{gavves2013,
  title={Fine-grained categorization by alignments},
  author={Gavves, Efstratios and Fernando, Basura and Snoek, Cees GM and Smeulders, Arnold WM and Tuytelaars, Tinne},
  booktitle={ICCV},
  year={2013},
}

@inproceedings{goring2014,
  title={Nonparametric part transfer for fine-grained recognition},
  author={Goring, Christoph and Rodner, Erik and Freytag, Alexander and Denzler, Joachim},
  booktitle={Proceedings of the IEEE Conference on Computer Vision and Pattern Recognition (CVPR)},
  year={2014}
}

@inproceedings{esvm,
  title={Ensemble of exemplar-svms for object detection and beyond},
  author={Malisiewicz, Tomasz and Gupta, Abhinav and Efros, Alexei A},
  booktitle={Proceedings of the IEEE International Conference on Computer Vision (ICCV)},
  year={2011},
}

@article{razavian2014,
  title={CNN Features off-the-shelf: an Astounding Baseline for Recognition},
  author={Razavian, Ali Sharif and Azizpour, Hossein and Sullivan, Josephine and Carlsson, Stefan},
  journal={arXiv preprint arXiv:1403.6382},
  year={2014}
}

@inproceedings{panda,
  title={PANDA: Pose Aligned Networks for Deep Attribute Modeling},
  author={Zhang, Ning and Paluri, Manohar and Ranzato, Marc'Aurelio and Darrell, Trevor and Bourdev, Lubomir},
  booktitle={Proceedings of the IEEE Conference on Computer Vision and Pattern Recognition (CVPR)},
  year={2014}
}

@inproceedings{partrcnn,
  title={Part-Based R-CNNs for Fine-Grained Category Detection},
  author={Zhang, Ning and Donahue, Jeff and Girshick, Ross and Darrell, Trevor},
  booktitle={Proceedings of the European Conference on Computer Vision},
  year={2014},
  publisher={Springer}
}

@misc{caffe,
   Author = {Yangqing Jia},
   Title = { {Caffe}: An Open Source Convolutional Architecture for Fast Feature Embedding},
   Year  = {2013},
   Howpublished = {\url{http://caffe.berkeleyvision.org/}}
}

@inproceedings{ppk,
  title={Pose pooling kernels for sub-category recognition},
  author={Zhang, Ning and Farrell, Ryan and Darrell, Trevor},
  booktitle={Proceedings of the IEEE Conference on Computer Vision and Pattern Recognition},
  year={2012},
}

@inproceedings{dpd,
  title={Deformable part descriptors for fine-grained recognition and attribute prediction},
  author={Zhang, Ning and Farrell, Ryan and Iandola, Forrest and Darrell, Trevor},
  booktitle={Proceedings of the IEEE International Conference on Computer Vision (ICCV)},
  year={2013},
}

@article{decaf,
  title={Decaf: A deep convolutional activation feature for generic visual recognition},
  author={Donahue, Jeff and Jia, Yangqing and Vinyals, Oriol and Hoffman, Judy and Zhang, Ning and Tzeng, Eric and Darrell, Trevor},
  journal={arXiv preprint arXiv:1310.1531},
  year={2013}
}